@article{vanderTak2007,
  title = {A computer program for fast non-LTE analysis of interstellar line spectra: With diagnostic plots to interpret observed line intensity ratios},
  volume = {468},
  ISSN = {1432-0746},
  url = {http://dx.doi.org/10.1051/0004-6361:20066820},
  DOI = {10.1051/0004-6361:20066820},
  number = {2},
  journal = {Astronomy \&; Astrophysics},
  publisher = {EDP Sciences},
  author = {van der Tak,  F. F. S. and Black,  J. H. and Sch\"{o}ier,  F. L. and Jansen,  D. J. and van Dishoeck,  E. F.},
  year = {2007},
  month = apr,
  pages = {627–635}
}

@misc{uniheidelbergZentrumFxFCr,
	author = {Cornelis P. Dullemond},
	title = {{Z}entrum f\&\#x{F}{C};r {A}stronomie {H}eidelberg - {I}nstitut f\&\#x{F}{C};r {T}heoretische {A}strophysik --- ita.uni-heidelberg.de},
	howpublished = {\url{https://www.ita.uni-heidelberg.de/~dullemond/lectures/radtrans_2012/index.shtml}},
	year = {},
	note = {[Accessed 24-04-2024]},
}

@article{Gumann1979,
  title = {D. MIHALAS: Stellar Atmospheres. Second Edition. W. H.FREEMAN \&; Co.,  San Francisco 1978. XX + 632 p.},
  volume = {300},
  ISSN = {1521-3994},
  url = {http://dx.doi.org/10.1002/asna.19793000416},
  DOI = {10.1002/asna.19793000416},
  number = {4},
  journal = {Astronomische Nachrichten},
  publisher = {Wiley},
  author = {Gussmann,  E. A.},
  year = {1979},
  month = jan,
  pages = {221–222}
}

@article{DeJong1980,
  title = {Hydrostatic Models of Molecular Clouds},
  volume = {87},
  ISSN = {0074-1809},
  url = {http://dx.doi.org/10.1017/S0074180900072491},
  DOI = {10.1017/s0074180900072491},
  journal = {Symposium - International Astronomical Union},
  publisher = {Cambridge University Press (CUP)},
  author = {De Jong,  T. and Dalgarno,  A. and Boland,  W.},
  year = {1980},
  pages = {177–181}
}

@book{osterbrock2006astrophysics,
  title={Astrophysics Of Gas Nebulae and Active Galactic Nuclei},
  author={Osterbrock, Donald E and Ferland, Gary J},
  year={2006},
  publisher={University science books}
}